@article{jimenez2017binaural,
  title={A Binaural Neuromorphic Auditory Sensor for FPGA: A Spike Signal Processing Approach.},
  author={Jim{\'e}nez-Fern{\'a}ndez, Angel and Cerezuela-Escudero, Elena and Mir{\'o}-Amarante, Lourdes and Dom{\'\i}nguez-Morales, Manuel Jesus and Gomez-Rodriguez, Francisco and Linares-Barranco, Alejandro and Jim{\'e}nez-Moreno, Gabriel},
  journal={IEEE Trans. Neural Netw. Learning Syst.},
  volume={28},
  number={4},
  pages={804--818},
  year={2017}
}

@inproceedings{jimenez2010building,
  title={Building blocks for spikes signals processing},
  author={Jimenez-Fernandez, Angel and Linares-Barranco, Alejandro and Paz-Vicente, Rafael and Jim{\'e}nez, Gabriel and Civit, Ant{\'o}n},
  booktitle={Neural Networks (IJCNN), The 2010 International Joint Conference on},
  pages={1--8},
  year={2010},
  organization={IEEE}
}

@article{lyon1988analog,
  title={An analog electronic cochlea},
  author={Lyon, Richard F and Mead, Carver},
  journal={IEEE Transactions on Acoustics, Speech, and Signal Processing},
  volume={36},
  number={7},
  pages={1119--1134},
  year={1988},
  publisher={IEEE}
}

@inproceedings{rios201620mevps,
  title={A 20Mevps/32Mev event-based USB framework for neuromorphic systems debugging},
  author={Rios-Navarro, A and Dominguez-Morales, JP and Tapiador-Morales, R and Gutierrez-Galan, D and Jimenez-Fernandez, A and Linares-Barranco, A},
  booktitle={Event-based Control, Communication, and Signal Processing (EBCCSP), 2016 Second International Conference on},
  pages={1--6},
  year={2016},
  organization={IEEE}
}

@article{dominguez2017navis,
  title={NAVIS: Neuromorphic Auditory VISualizer Tool},
  author={Dominguez-Morales, Juan P and Jimenez-Fernandez, Angel and Dominguez-Morales, M and Jimenez-Moreno, Gabriel},
  journal={Neurocomputing},
  volume={237},
  pages={418--422},
  year={2017},
  publisher={Elsevier}
}